% Encoding: UTF-8

@InProceedings{ Artho04,
	author       = "Cyrille Artho and Klaus Havelund and Armin Biere",
	title        = "Using Block-Local Atomicity to Detect Stale-Value Concurrency Errors",
	booktitle    = "ATVA",
	year         = "2004",
	pages        = "150--164",
	crossref     = "DBLP:conf/atva/2004",
	bibsource    = "DBLP, http://dblp.uni-trier.de",
	ee           = "http://springerlink.metapress.com/openurl.asp?genre=article{\&}issn=0302-9743{\&}volume=3299{\&}spage=150",
}

@online{ Parkins2017,
	author       = "Parkins, David",
	booktitle    = "Economist (United Kingdom)",
	issn         = "00130613",
	mendeley     = "I4.0/BigData",
	number       = "9035",
	title        = "{Regulating the internet giants: The world's most valuable resource is no longer oil, but data}",
	url          = "https://www.economist.com/leaders/2017/05/06/the-worlds-most-valuable-resource-is-no-longer-oil-but-data?fbclid=IwAR1EaO3g6OJoDuhrHBNyqQJAqR2NyhvcZ07uexTWa3Hujq0azNMVHKhQido",
	urldate      = "2020-01-21",
	volume       = "413",
	year         = "2017",
}

@Misc{ Artho03,
	author       = "C. Artho and K. Havelund and A. Biere",
	title        = "High-Level Data Races",
	text         = "C. Artho, K. Havelund, and A. Biere. High-Level Data Races. In VVEIS'03, The First International Workshop on Verification and Validation of Enterprise Information Systems, April 2003. Angers, France.",
	year         = "2003",
	url          = "citeseer.ist.psu.edu/artho03highlevel.html",
}

@Article{ Beckman08,
	title        = "Verifying Correct Usage of Atomic Blocks and Typestate",
	author       = "Nels E. Beckman and Kevin Bierhoff and Jonathan Aldrich",
	publisher    = "ACM",
	address      = "New York, NY, USA",
	journal      = "SIGPLAN Not.",
	pages        = "227--244",
	volume       = "43",
	number       = "10",
	year         = "2008",
	issn         = "0362-1340",
	doi          = "http://doi.acm.org/10.1145/1449955.1449783",
}

@InProceedings{ Flanagan04,
	author       = "Cormac Flanagan and Stephen N Freund",
	title        = "Atomizer: a dynamic atomicity checker for multithreaded programs",
	booktitle    = "POPL '04: Proceedings of the 31st ACM SIGPLAN-SIGACT symposium on Principles of programming languages",
	year         = "2004",
	isbn         = "1-58113-729-X",
	pages        = "256--267",
	location     = "Venice, Italy",
	doi          = "http://doi.acm.org/10.1145/964001.964023",
	publisher    = "ACM",
	address      = "New York, NY, USA",
}

@Misc{ IBM-Rep,
	title        = "{IBM's Concurrency Testing Repository}",
}

@InProceedings{ Praun03,
	author       = "Christoph {von Praun} and Thomas R. Gross",
	title        = "Static Detection of Atomicity Violations in Object-Oriented Programs",
	booktitle    = "Journal of Object Technology",
	year         = "2003",
	pages        = "2004",
}

@InProceedings{ Shavit95,
	author       = "Nir Shavit and Dan Touitou",
	title        = "Software transactional memory",
	booktitle    = "PODC '95: Proceedings of the fourteenth annual ACM symposium on Principles of distributed computing",
	year         = "1995",
	isbn         = "0-89791-710-3",
	pages        = "204--213",
	location     = "Ottowa, Ontario, Canada",
	doi          = "http://doi.acm.org/10.1145/224964.224987",
	publisher    = "ACM",
	address      = "New York, NY, USA",
}

@Book{ Silberschatz06,
	author       = "Abraham Silberschatz and Henry F. Korth and S. Sudarshan",
	title        = "Database System Concepts",
	publisher    = "McGraw-Hill",
	year         = "2006",
	edition      = "Fifth",
	isbn         = "007-124476-X",
}

@Book{ Moss85,
	author       = "J. Eliot and B. Moss",
	title        = "Nested transactions: an approach to reliable distributed computing",
	year         = "1985",
	isbn         = "0-262-13200-1",
	publisher    = "Massachusetts Institute of Technology",
	address      = "Cambridge, MA, USA",
}

@Proceedings{ DBLP:conf/atva/2004,
	editor       = "Farn Wang",
	title        = "Automated Technology for Verification and Analysis: Second International Conference, ATVA 2004, Taipei, Taiwan, ROC, October 31-November 3, 2004. Proceedings",
	booktitle    = "ATVA",
	publisher    = "Springer",
	series       = "Lecture Notes in Computer Science",
	volume       = "3299",
	year         = "2004",
	isbn         = "3-540-23610-4",
	bibsource    = "DBLP, http://dblp.uni-trier.de",
}

@InProceedings{ecoop12-dias,
	author       = "Dias, Ricardo J. and Distefano, Dino and Seco, J. C. and Lourenço, João M.",
	booktitle    = "Proceedings of the 26th European conference on Object-oriented programming ({ECOOP}'12)",
	title        = "Verification of Snapshot Isolation in Transactional Memory Java Programs",
	year         = "2012",
	month        = jun,
	publisher    = "Springer-Verlag",
}

@online{wiki:shuntingyard,
    author = "Wikipedia contributors",
    title = "Shunting-yard algorithm --- Wikipedia{,} The Free Encyclopedia",
    year = "2017",
    month = "3",
    url = "https://en.wikipedia.org/w/index.php?title=Shunting-yard_algorithm&oldid=817901155",
    urldate = {2018-03-01},
    keywords  = "Dijkstra,prefix"
}

@online{bison,
    url = {https://www.gnu.org/software/bison/},
    urldate = {2020-07-26},
    keywords = {parser,generator},
    title = {Gnu Bison},
}

@online{flex,
    url = {https://github.com/westes/flex},
    urldate = {2020-07-26},
    keywords = {lexical,analyser},
    title = {Fast Lexical Analyser},
}

@misc{dnastar,
  author = {DNASTAR},
  title = {SeqMan Ultra - Advanced Sequence Assembly Software},
  year = {2025},
  url = {https://www.dnastar.com/workflows/sanger-sequence-assembly}
}

@misc{geneious,
  author = {Geneious},
  title = {Sequence Alignment Tools in Geneious},
  year = {2025},
  url = {https://www.geneious.com/features/sequence-alignment}
}

@article{frontiers,
  author = {Frontiers in Bioengineering and Biotechnology},
  title = {Applications of Machine Learning in Genomic Data Analysis},
  year = {2020},
  journal = {Frontiers in Bioengineering and Biotechnology},
  url = {https://www.frontiersin.org/articles/10.3389/fbioe.2020.01032/full}
}

@article{pmc_ml,
  author = {PMC},
  title = {Artificial Intelligence in Sequencing Accuracy},
  year = {2023},
  journal = {PMC},
  url = {https://pmc.ncbi.nlm.nih.gov/articles/PMC9198206/}
}

@article{pmc_asap,
  author = {PMC},
  title = {Automated Sanger Analysis Pipeline (ASAP)},
  year = {2016},
  journal = {PMC},
  url = {https://pmc.ncbi.nlm.nih.gov/articles/PMC5066597/}
}

@article{bioinformaticsadvances,
  author = {Bioinformatics Advances},
  title = {SangeR: High-Throughput Sanger Sequencing Analysis Pipeline},
  year = {2023},
  journal = {Bioinformatics Advances},
  url = {https://academic.oup.com/bioinformaticsadvances/article/2/1/vbac009/6517778}
}

@misc{champuru2,
  author = {Champuru 2},
  title = {Web-Based Tool for Analyzing Mixed Sanger Chromatograms},
  year = {2024},
  url = {https://arxiv.org/abs/2405.06032}
}

@article{base4,
  author = {Base4},
  title = {The Role of Automation in Modern DNA Sequencing},
  year = {2025},
  journal = {Base4},
  url = {https://www.base4.co.uk/role-automation-modern-dna-sequencing}
}

@article{sanger_method_original,
  author    = {Sanger, Frederick and Nicklen, S. and Coulson, A. R.},
  title     = {DNA sequencing with chain-terminating inhibitors},
  journal   = {Proceedings of the National Academy of Sciences},
  year      = {1977},
  volume    = {74},
  pages     = {5463--5467}
}

@misc{khan_dna_structure,
  title     = {Discovery of the Structure of DNA},
  author    = {Khan Academy},
  year      = {2024},
  note      = {Available at \url{https://www.khanacademy.org/science/biology/dna-as-the-genetic-material/dna-discovery-and-structure/a/discovery-of-the-structure-of-dna}}
}

@misc{biotechreality_sanger_steps,
  title     = {Sanger Sequencing Steps and Process},
  author    = {Biotech Reality},
  year      = {2024},
  note      = {Available at \url{https://www.biotechreality.com/2024/10/sanger-sequencing-steps-and-process.html}}
}

@misc{asu_abi3730xl,
  title     = {Applied Biosystems 3730xl DNA Sequencer},
  author    = {Arizona State University Genomics Core},
  year      = {2024},
  note      = {Available at \url{https://cores.research.asu.edu/genomics/equipment/abi-3730xl}}
}

@article{ml_genomics_review,
  author    = {Libbrecht, Maxwell W. and Noble, William Stafford},
  title     = {Machine Learning Applications in Genetics and Genomics},
  journal   = {Nature Reviews Genetics},
  year      = {2015},
  volume    = {16},
  pages     = {321--332}
}

@article{dl_methods_genomics,
  author    = {Angermueller, Christof and et al.},
  title     = {Deep Learning for Computational Biology},
  journal   = {Molecular Systems Biology},
  year      = {2016},
  volume    = {13},
  pages     = {927}
}

@article{ml_dna_applications,
  author    = {Zou, James and Huss, Mikael and et al.},
  title     = {A Primer on Deep Learning in Genomics},
  journal   = {Nature Genetics},
  year      = {2019},
  volume    = {51},
  pages     = {12--18}
}

@article{future_genomics_ai,
  author    = {Collins, Francis S. and Varmus, Harold},
  title     = {A New Initiative on Precision Medicine},
  journal   = {New England Journal of Medicine},
  year      = {2015},
  volume    = {372},
  pages     = {793--795}
}

@article{watson_crick_dna,
  author    = {Watson, James D. and Crick, Francis H. C.},
  title     = {Molecular structure of nucleic acids: A structure for deoxyribose nucleic acid},
  journal   = {Nature},
  year      = {1953},
  volume    = {171},
  pages     = {737--738}
}

@article{turn0search0,
  title={Clinical applications of new DNA sequencing technologies},
  author={Mardis, Elaine R.},
  journal={Nature Reviews Genetics},
  volume={11},
  number={10},
  pages={687--696},
  year={2010},
  publisher={Nature Publishing Group}
}

@article{smith_capillary_sequencing,
  author = {Smith, L. M. and Sanders, J. Z. and Kaiser, R. J. and others},
  title = {Fluorescence detection in automated DNA sequence analysis},
  journal = {Nature},
  volume = {321},
  number = {6071},
  pages = {674-679},
  year = {1986},
  doi = {10.1038/321674a0}
}

@misc{abi3730xl_overview,
  author = {Applied Biosystems},
  title = {ABI 3730xl DNA Analyzer User Guide},
  year = {2008},
  note = {Accessed online},
  url = {https://www.thermofisher.com/document-connect/document-connect.html?url=https://assets.thermofisher.com/TFS-Assets/LSG/manuals/MAN0014293_ABI3730xl_UserGuide.pdf}
}

@misc{asu_abi3730xl,
  author = {Arizona State University Genomics Core Facility},
  title = {Applied Biosystems 3730xl DNA Analyzer},
  year = {2023},
  url = {https://cores.research.asu.edu/genomics/equipment/abi-3730xl}
}

@article{ml_genomics_review,
  author = {Libbrecht, Maxwell W. and Noble, William Stafford},
  title = {Machine learning applications in genetics and genomics},
  journal = {Nature Reviews Genetics},
  volume = {16},
  number = {6},
  pages = {321-333},
  year = {2015},
  doi = {10.1038/nrg3920}
}

@article{dl_methods_genomics,
  author = {Angermueller, Christof and Pärnamaa, Tanel and Parts, Leopold and Stegle, Oliver},
  title = {Deep learning for computational biology},
  journal = {Molecular Systems Biology},
  volume = {12},
  number = {7},
  year = {2016},
  doi = {10.15252/msb.20156651}
}

@article{ml_dna_applications,
  author = {Min, Seonwoo and Lee, Byunghan and Yoon, Sungroh},
  title = {Deep learning in bioinformatics},
  journal = {Briefings in Bioinformatics},
  volume = {18},
  number = {5},
  pages = {851-869},
  year = {2017},
  doi = {10.1093/bib/bbw068}
}

@article{ai_sanger_sequencing,
  author = {Schrider, Daniel R. and Kern, Andrew D.},
  title = {Supervised machine learning for population genetics: A new paradigm},
  journal = {Trends in Genetics},
  volume = {34},
  number = {4},
  pages = {301-312},
  year = {2018},
  doi = {10.1016/j.tig.2017.11.007}
}

@article{esteva_ai_genomics,
  author = {Esteva, Andre and Robicquet, Alexandre and Ramsundar, Bharath and others},
  title = {A guide to deep learning in healthcare},
  journal = {Nature Medicine},
  volume = {25},
  pages = {24-29},
  year = {2019},
  doi = {10.1038/s41591-018-0316-z}
}

@article{future_genomics_ai,
  author = {Ernst, Jason and Kellis, Manolis},
  title = {ChromHMM: Automating chromatin-state discovery and characterization},
  journal = {Nature Methods},
  volume = {9},
  pages = {215-216},
  year = {2012},
  doi = {10.1038/nmeth.1906}
}

@article{libbrecht_ml_genomics,
  title={Machine learning applications in genetics and genomics},
  author={Libbrecht, Maxwell W. and Noble, William Stafford},
  journal={Nature Reviews Genetics},
  volume={16},
  number={6},
  pages={321--332},
  year={2015},
  publisher={Nature Publishing Group}
}







